@article{pairwise_multiple_spliced_alignment,
    title = {From Pairwise to Multiple Spliced Alignment},
    author = {Author(s) Unknown},
    journal = {Journal Unknown},
    year = {Year Unknown},
    note = {Information incomplete in provided document}
}

@article{alternative_splicing_evolution,
    title = {How Did Alternative Splicing Evolve?},
    author = {Gil Ast},
    journal = {Nature Reviews Genetics},
    volume = {5},
    pages = {773-782},
    year = {2004},
    doi = {10.1038/nrg1451}
}

@inproceedings{segment_based_alignment,
    title = {Segment-Based Multiple Sequence Alignment},
    author = {Tobias Rausch, Anne-Katrin Emde, David Weese, Andreas Döring, Cedric Notredame, Knut Reinert},
    booktitle = {Bioinformatics (ECCB 2008)},
    volume = {24},
    pages = {i187-i192},
    year = {2008},
    doi = {10.1093/bioinformatics/btn281}
}

@article{t_coffee_alignment,
    title = {T-Coffee: A Novel Method for Fast and Accurate Multiple Sequence Alignment},
    author = {Cédric Notredame, Desmond G. Higgins, Jaap Heringa},
    journal = {Journal of Molecular Biology},
    volume = {302},
    pages = {205-217},
    year = {2000},
    doi = {10.1006/jmbi.2000.4042}
}

@article{harrow2006gencode,
  author = {Harrow, J. and Denoeud, F. and Frankish, A. and others},
  title = {GENCODE: producing a reference annotation for ENCODE},
  journal = {Genome Biology},
  year = {2006},
  volume = {7 Suppl 1},
  pages = {S4.1--S9}
}

@article{tress2007implications,
  author = {Tress, M. L. and Martelli, P. L. and Frankish, A. and others},
  title = {The implications of alternative splicing in the ENCODE protein complement},
  journal = {Proceedings of the National Academy of Sciences of the United States of America},
  year = {2007},
  volume = {104},
  pages = {5495--5500}
}

@article{kim2008alternative,
  author = {Kim, E. and Goren, A. and Ast, G.},
  title = {Alternative splicing: current perspectives},
  journal = {BioEssays},
  year = {2008},
  volume = {30},
  pages = {38--47}
}

@article{wang2008alternative,
  author = {Wang, E. T. and Sandberg, R. and Luo, S. and Khrebtukova, I. and Zhang, L. and Mayr, C. and Kingsmore, S. F. and Schroth, G. P. and Burge, C. B.},
  title = {Alternative isoform regulation in human tissue transcriptomes},
  journal = {Nature},
  year = {2008},
  volume = {456},
  pages = {470--476}
}

@article{chen2009mechanisms,
  author = {Chen, M. and Manley, J. L.},
  title = {Mechanisms of alternative splicing regulation: insights from molecular and genomics approaches},
  journal = {Nature Reviews Molecular Cell Biology},
  year = {2009},
  volume = {10},
  pages = {741--754}
}

@article{modrek2002genomic,
  author = {Modrek, B. and Lee, C.},
  title = {A genomic view of alternative splicing},
  journal = {Nature Genetics},
  year = {2002},
  month = {Jan},
  volume = {30},
  number = {1},
  pages = {13--19},
  doi = {10.1038/ng0102-13},
  pmid = {11753382}
}

@article{stanke2006augustus,
  author = {Stanke, M. and others},
  title = {Augustus at EGASP: using EST, protein and genomic alignments for improved gene prediction in the human genome},
  journal = {Genome Biology},
  year = {2006},
  volume = {7},
  pages = {S11}
}

@article{dunne2018omgene,
  author = {Dunne, M. P. and Kelly, S.},
  title = {{OMGene: mutual improvement of gene models through optimisation of evolutionary conservation}},
  journal = {BMC Genomics},
  year = {2018},
  volume = {19},
  pages = {307}
}

@article{jammali2019splicedfamalign,
  author = {Jammali, S. and others},
  title = {SplicedFamAlign: CDS-to-gene spliced alignment and identification of transcript orthology groups},
  journal = {BMC Bioinformatics},
  year = {2019},
  volume = {20},
  pages = {133}
}

@article{jammali2022pairwise,
  author = {Jammali, Safa and Djossou, Abigaïl and Ouédraogo, Wend-Yam D D and Nevers, Yannis and Chegrane, Ibrahim and Ouangraoua, Aïda},
  title = {From pairwise to multiple spliced alignment},
  journal = {Bioinformatics Advances},
  year = {2022},
  volume = {2},
  number = {1},
  pages = {vbab044},
  doi = {10.1093/bioadv/vbab044}
}
@article{feng1987progressive,
  author = {Feng, D.-F. and Doolittle, R. F.},
  title = {Progressive sequence alignment as a prerequisite to correct phylogenetic trees},
  journal = {Journal of Molecular Evolution},
  year = {1987},
  volume = {25},
  pages = {351--360}
}

@article{zerbino2018ensembl,
  author = {Zerbino, D. R. and others},
  title = {Ensembl 2018},
  journal = {Nucleic Acids Research},
  year = {2018},
  volume = {46},
  pages = {D754--D761}
}

@article{kuitche2019simspliceevol,
  author = {Kuitche, E. and others},
  title = {SimSpliceEvol: alternative splicing-aware simulation of biological sequence evolution},
  journal = {BMC Bioinformatics},
  year = {2019},
  volume = {20},
  pages = {640}
}

@article{kuitche2021doublerecviz,
  author = {Kuitche, E. and others},
  title = {DoubleRecViz: a web-based tool for visualizing transcript–gene–species tree reconciliation},
  journal = {Bioinformatics},
  year = {2021},
  volume = {37},
  pages = {1920--1922}
}


@article{edgar2004,
  author = {Edgar, R.C.},
  title = {MUSCLE: multiple sequence alignment with high accuracy and high throughput},
  journal = {Nucleic Acids Research},
  year = {2004},
  volume = {32},
  number = {5},
  pages = {1792--1797},
  doi = {10.1093/nar/gkh340}
}

@article{katoh2013,
  author = {Katoh, K. and Standley, D.M.},
  title = {MAFFT multiple sequence alignment software version 7: improvements in performance and usability},
  journal = {Molecular Biology and Evolution},
  year = {2013},
  volume = {30},
  number = {4},
  pages = {772--780},
  doi = {10.1093/molbev/mst010}
}

@article{ranwez2018,
  author = {Ranwez, V. and Douzery, E. and Cambon, C. and Chantret, N. and Delsuc, F.},
  title = {MACSE v2: toolkit for the alignment of coding sequences accounting for frameshifts and stop codons},
  journal = {Molecular Biology and Evolution},
  year = {2018},
  volume = {35},
  number = {10},
  pages = {2582--2584},
  doi = {10.1093/molbev/msy159}
}

@article{sievers2011,
  author = {Sievers, F. and Wilm, A. and Dineen, D.G. and Gibson, T.J. and Karplus, K. and Li, W. and Lopez, R. and McWilliam, H. and Remmert, M. and Soding, J. and Thompson, J.D. and Higgins, D.G.},
  title = {Fast, scalable generation of high-quality protein multiple sequence alignments using Clustal Omega},
  journal = {Molecular Systems Biology},
  year = {2011},
  volume = {7},
  pages = {539},
  doi = {10.1038/msb.2011.75}
}

@article{loytynoja2005,
  author = {L\"{o}ytynoja, A. and Goldman, N.},
  title = {An algorithm for progressive multiple alignment of sequences with insertions},
  journal = {Proceedings of the National Academy of Sciences of the United States of America},
  year = {2005},
  volume = {102},
  number = {30},
  pages = {10557--10562},
  doi = {10.1073/pnas.0409137102}
}

@article{loytynoja2008,
  author = {L\"{o}ytynoja, A. and Goldman, N.},
  title = {Phylogeny-aware gap placement prevents errors in sequence alignment and evolutionary analysis},
  journal = {Science},
  year = {2008},
  volume = {320},
  number = {5883},
  pages = {1632--1635},
  doi = {10.1126/science.1158395}
}

@article{notredame2000,
  author = {Notredame, C. and Higgins, D.G. and Heringa, J.},
  title = {T-Coffee: A novel method for fast and accurate multiple sequence alignment},
  journal = {Journal of Molecular Biology},
  year = {2000},
  volume = {302},
  number = {1},
  pages = {205--217},
  doi = {10.1006/jmbi.2000.4042}
}

@article{nord2018,
  author = {Nord, A.L. and DeMarche, M.L. and McCullough, C.M. and Zanini, F.},
  title = {Mirage: a fast and flexible aligner for alternatively spliced protein isoforms},
  journal = {Bioinformatics},
  year = {2018},
  volume = {34},
  number = {15},
  pages = {2667--2669},
  doi = {10.1093/bioinformatics/bty151}
}

